<?xml version="1.0" encoding="utf-8"?>
<Document xmlns="urn:iso:std:iso:20022:tech:xsd:camt.053.001.02" xmlns:xsi="http://www.w3.org/2001/XMLSchema-instance">
  <BkToCstmrStmt>
    <GrpHdr>
      <MsgId>0574908765.2013-04-02</MsgId>
      <CreDtTm>2013-04-12T10:55:08.66+02:00</CreDtTm>
      <MsgPgntn>
        <PgNb>1</PgNb>
        <LastPgInd>true</LastPgInd>
      </MsgPgntn>
    </GrpHdr>
    <Stmt>
      <Id>0574908765.2013-04-02</Id>
      <ElctrncSeqNb>0070</ElctrncSeqNb>
      <CreDtTm>2013-04-12T10:55:08.66+02:00</CreDtTm>
      <Acct>
        <Id>
          <IBAN>NL77ABNA0574908765</IBAN>
        </Id>
        <Ccy>EUR</Ccy>
        <Svcr>
          <FinInstnId>
            <BIC>ABNANL2A</BIC>
          </FinInstnId>
        </Svcr>
      </Acct>
      <Bal>
        <Tp>
          <CdOrPrtry>
            <Cd>PRCD</Cd>
          </CdOrPrtry>
        </Tp>
        <Amt Ccy="EUR">1000.00</Amt>
        <CdtDbtInd>CRDT</CdtDbtInd>
        <Dt>
          <Dt>2013-03-28</Dt>
        </Dt>
      </Bal>
      <Bal>
        <Tp>
          <CdOrPrtry>
            <Cd>CLBD</Cd>
          </CdOrPrtry>
        </Tp>
        <Amt Ccy="EUR">1100.00</Amt>
        <CdtDbtInd>CRDT</CdtDbtInd>
        <Dt>
          <Dt>2013-04-02</Dt>
        </Dt>
      </Bal>
      <Bal>
        <Tp>
          <CdOrPrtry>
            <Cd>CLAV</Cd>
          </CdOrPrtry>
        </Tp>
        <Amt Ccy="EUR">1100.00</Amt>
        <CdtDbtInd>CRDT</CdtDbtInd>
        <Dt>
          <Dt>2013-04-02</Dt>
        </Dt>
      </Bal>

      <!-- Inkomende SCT iDeal -->
      <Ntry>
        <Amt Ccy="EUR">100.00</Amt>
        <CdtDbtInd>CRDT</CdtDbtInd>
        <Sts>BOOK</Sts>
        <BookgDt>
          <Dt>2013-04-02</Dt>
        </BookgDt>
        <ValDt>
          <Dt>2013-04-02</Dt>
        </ValDt>
        <AcctSvcrRef>3922000TRP7K6HAZ0BI</AcctSvcrRef>
        <BkTxCd>
          <Domn>
            <Cd>PMNT</Cd>
            <Fmly>
              <Cd>RCDT</Cd>
              <SubFmlyCd>ESCT</SubFmlyCd>
            </Fmly>
          </Domn>
          <Prtry>
            <Cd>N944</Cd>
            <Issr>ABNAMRO</Issr>
          </Prtry>
        </BkTxCd>
        <NtryDtls>
          <TxDtls>
            <Refs>
              <MsgId>IN092112014</MsgId>
              <AcctSvcrRef>3922000TRP7K6HAZ0BI</AcctSvcrRef>
              <EndToEndId>01-04-2013 21:01 0050001248302363</EndToEndId>
            </Refs>
            <AmtDtls>
              <TxAmt>
                <Amt Ccy="EUR">100.00</Amt>
              </TxAmt>
            </AmtDtls>
            <BkTxCd>
              <Prtry>
                <Cd>N944</Cd>
                <Issr>ABNAMRO</Issr>
              </Prtry>
            </BkTxCd>
            <RltdPties>
              <Dbtr>
                <Nm>ING Bank</Nm>
              </Dbtr>
              <DbtrAcct>
                <Id>
                  <IBAN>NL21INGB0000773837</IBAN>
                </Id>
              </DbtrAcct>
            </RltdPties>
            <RltdAgts>
              <DbtrAgt>
                <FinInstnId>
                  <BIC>INGBNL2A</BIC>
                </FinInstnId>
              </DbtrAgt>
            </RltdAgts>
            <RmtInf>
              <Ustrd>2305271368 0050001248302363 pid2305271368t Mud Masters Mud Masters</Ustrd>
            </RmtInf>
          </TxDtls>
        </NtryDtls>
        <AddtlNtryInf>/TRTP/SEPA OVERBOEKING/IBAN/NL21INGB0000773837/BIC/INGBNL2A/NAME/ING Bank/REMI/2305271368
          0050001248302363 pid2305271368t/EREF/01-04-2013 21:01 0050001248302363
        </AddtlNtryInf>
      </Ntry>
    </Stmt>
  </BkToCstmrStmt>
</Document>
